@Book{Martin2009,
  author    = {Robert C. Martin},
  publisher = {Prentice Hall},
  title     = {Clean Code},
  year      = {2009},
  isbn      = {0132350882},
  month     = mar,
  ean       = {9780132350884},
  keywords  = {mono},
}

@Misc{Corporation2022,
  author   = {Mozilla Corporation},
  month    = apr,
  title    = {JavaScript},
  year     = {2022},
  keywords = {web},
  url      = {https://developer.mozilla.org/en-US/docs/Web/javascript},
  urldate  = {2022-04-05},
}

@InCollection{Helmke2017,
  author    = {Stefan Helmke and Matthias Uebel and Wilhelm Dangelmaier},
  booktitle = {Effektives Customer Relationship Management},
  publisher = {Springer Fachmedien Wiesbaden},
  title     = {Grundlagen und Ziele des {CRM}-Ansatzes},
  year      = {2017},
  pages     = {3--20},
  doi       = {10.1007/978-3-658-06624-6_1},
  keywords  = {mag},
}